<record><leader>01548cam a2200373 a 4500</leader><controlfield tag="001">1372452</controlfield><controlfield tag="008">910429r19851949bccabc            0 eng d</controlfield><datafield ind1=" " ind2=" " tag="016"><subfield code="a">850910536</subfield></datafield><datafield ind1=" " ind2=" " tag="020"><subfield code="a">0919214665</subfield></datafield><datafield ind1=" " ind2=" " tag="035"><subfield code="a">ocm15007604</subfield></datafield><datafield ind1=" " ind2=" " tag="040"><subfield code="a">CaBVAU</subfield><subfield code="b">eng</subfield><subfield code="c">CaOONL</subfield><subfield code="d">CaOONL</subfield></datafield><datafield ind1=" " ind2=" " tag="043"><subfield code="a">n-cn-bc</subfield></datafield><datafield ind1=" " ind2=" " tag="049"><subfield code="a">AEU</subfield><subfield code="b">eng</subfield></datafield><datafield ind1=" " ind2="0" tag="055"><subfield code="a">FC3822</subfield><subfield code="b">M2 1985</subfield></datafield><datafield ind1=" " ind2="1" tag="055"><subfield code="a">FC3822</subfield></datafield><datafield ind1="0" ind2=" " tag="082"><subfield code="a">971.1/02</subfield><subfield code="2">19</subfield></datafield><datafield ind1="0" ind2=" " tag="090"><subfield code="a">E 78 B9 M15 1985</subfield></datafield><datafield ind1="1" ind2=" " tag="100"><subfield code="a">McKelvie, B. A.</subfield><subfield code="q">(Bruce Alistair),</subfield><subfield code="d">1889-1960.</subfield></datafield><datafield ind1="1" ind2="0" tag="245"><subfield code="a">Tales of conflict /</subfield><subfield code="c">by B.A. McKelvie.</subfield></datafield><datafield ind1=" " ind2=" " tag="260"><subfield code="a">Surrey, B.C. :</subfield><subfield code="b">Heritage House Pub. Co.,</subfield><subfield code="c">c1985.</subfield></datafield><datafield ind1=" " ind2=" " tag="300"><subfield code="a">128 p. :</subfield><subfield code="b">ill., maps, ports. ;</subfield><subfield code="c">22 cm.</subfield></datafield><datafield ind1=" " ind2=" " tag="336"><subfield code="a">text</subfield><subfield code="b">txt</subfield><subfield code="2">rdacontent</subfield></datafield><datafield ind1=" " ind2=" " tag="337"><subfield code="a">unmediated</subfield><subfield code="b">n</subfield><subfield code="2">rdamedia</subfield></datafield><datafield ind1=" " ind2=" " tag="338"><subfield code="a">volume</subfield><subfield code="b">nc</subfield><subfield code="2">rdacarrier</subfield></datafield><datafield ind1=" " ind2=" " tag="500"><subfield code="a">Cover subtitle: Indian-White murders and massacres in pioneer British Columbia.</subfield></datafield><datafield ind1=" " ind2=" " tag="534"><subfield code="a">Reprint. Originally published:</subfield><subfield code="c">Vancouver : Vancouver daily province, 1949.</subfield></datafield><datafield ind1=" " ind2=" " tag="590"><subfield code="a">University of Alberta copy in the Bryan-Gruhn Collection.</subfield><subfield code="5">CaAEU</subfield></datafield><datafield ind1=" " ind2=" " tag="596"><subfield code="a">38 43</subfield></datafield><datafield ind1=" " ind2="0" tag="650"><subfield code="a">Indians of North America</subfield><subfield code="z">British Columbia</subfield><subfield code="x">History.</subfield></datafield><datafield ind1=" " ind2="0" tag="651"><subfield code="a">Northwest, Canadian</subfield><subfield code="x">History</subfield><subfield code="y">To 1870.</subfield></datafield><datafield ind1=" " ind2="5" tag="651"><subfield code="a">British Columbia</subfield><subfield code="x">History</subfield><subfield code="y">1849-1871.</subfield></datafield><datafield ind1="0" ind2=" " tag="740"><subfield code="a">Indian-White murders and massacres in pioneer British Columbia.</subfield></datafield><datafield ind1=" " ind2=" " tag="926"><subfield code="a">E 78 B9 M15 1985</subfield><subfield code="w">LC</subfield><subfield code="c">1</subfield><subfield code="i">000036506210</subfield><subfield code="d">11/19/2007</subfield><subfield code="e">11/2/2007</subfield><subfield code="l">ON_SHELF</subfield><subfield code="m">UAHSS</subfield><subfield code="n">17</subfield><subfield code="p">$150.00</subfield><subfield code="r">Y</subfield><subfield code="s">Y</subfield><subfield code="t">BOOK</subfield><subfield code="u">5/23/1991</subfield></datafield><datafield ind1=" " ind2=" " tag="926"><subfield code="a">E 78 B9 M15 1985</subfield><subfield code="w">LC</subfield><subfield code="c">1</subfield><subfield code="i">0162018372076</subfield><subfield code="l">ON_SHELF</subfield><subfield code="m">UABARD</subfield><subfield code="p">$150.00</subfield><subfield code="r">Y</subfield><subfield code="s">Y</subfield><subfield code="t">BOOK</subfield><subfield code="u">1/21/2004</subfield><subfield code="o">.STAFF. BA0000971</subfield></datafield></record>